<?xml version="1.0" encoding="UTF-8"?>
<!DOCTYPE html PUBLIC "-//W3C//DTD XHTML 1.0 Transitional//EN"
    "http://www.w3.org/TR/xhtml1/DTD/xhtml1-transitional.dtd">
<html xmlns="http://www.w3.org/1999/xhtml" xml:lang="en" lang="en">
 <head>
  <title>
</title>
<meta http-equiv="Content-Type" content="text/html;charset=utf-8" />
  <meta name='ocr-system' content='tesseract 3.04.00' />
  <meta name='ocr-capabilities' content='ocr_page ocr_carea ocr_par ocr_line ocrx_word'/>
</head>
<body>
  <div class='ocr_page' id='page_1' title='image "./deflexuragraeco00koczgoog_0008.png"; bbox 0 0 3748 5430; ppageno 0'>
   <div class='ocr_carea' id='block_1_1' title="bbox 223 1327 1678 1502">
    <p class='ocr_par' dir='ltr' id='par_1_1' title="bbox 223 1327 1678 1502">
     <span class='ocr_line' id='line_1_1' title="bbox 223 1327 1678 1502; baseline -0.004 -31"><span class='ocrx_word' id='word_1_1' title='bbox 223 1339 282 1471; x_wconf 87' lang='lat' dir='ltr'>ln</span> <span class='ocrx_word' id='word_1_2' title='bbox 307 1333 477 1471; x_wconf 88' lang='lat' dir='ltr'>lnnunu</span> <span class='ocrx_word' id='word_1_3' title='bbox 501 1336 764 1473; x_wconf 81' lang='lat' dir='ltr'>tnnooonnn</span> <span class='ocrx_word' id='word_1_4' title='bbox 787 1335 1007 1471; x_wconf 78' lang='lat' dir='ltr'>nominum</span> <span class='ocrx_word' id='word_1_5' title='bbox 1031 1333 1305 1502; x_wconf 85' lang='lat' dir='ltr'>nronnionnn</span> <span class='ocrx_word' id='word_1_6' title='bbox 1325 1331 1446 1501; x_wconf 68' lang='lat' dir='ltr'>&#39;unul</span> <span class='ocrx_word' id='word_1_7' title='bbox 1471 1327 1678 1466; x_wconf 85' lang='lat' dir='ltr'>tullian.</span> 
     </span>
    </p>
   </div>
   <div class='ocr_carea' id='block_1_2' title="bbox 673 1554 1150 1628">
    <p class='ocr_par' dir='ltr' id='par_1_2' title="bbox 673 1554 1150 1628">
     <span class='ocr_line' id='line_1_2' title="bbox 673 1554 1150 1628; baseline 0.006 -18"><span class='ocrx_word' id='word_1_8' title='bbox 673 1582 678 1596; x_wconf 91' lang='lat'><em>·</em></span> <span class='ocrx_word' id='word_1_9' title='bbox 750 1557 871 1628; x_wconf 79' lang='lat' dir='ltr'><strong>Scripsit</strong></span> <span class='ocrx_word' id='word_1_10' title='bbox 889 1561 923 1615; x_wconf 74' lang='lat'>1..</span> <span class='ocrx_word' id='word_1_11' title='bbox 945 1554 1150 1627; x_wconf 79' lang='lat' dir='ltr'>Koczyn&#39;uskt.</span> 
     </span>
    </p>
   </div>
   <div class='ocr_carea' id='block_1_3' title="bbox 223 1727 1678 2468">
    <p class='ocr_par' dir='ltr' id='par_1_3' title="bbox 922 1727 991 1815">
     <span class='ocr_line' id='line_1_3' title="bbox 922 1727 991 1815; baseline 0 -17"><span class='ocrx_word' id='word_1_12' title='bbox 922 1727 991 1815; x_wconf 62' lang='grc' dir='ltr'>Ἣ)</span> 
     </span>
    </p>

    <p class='ocr_par' dir='ltr' id='par_1_4' title="bbox 223 1853 1678 2468">
     <span class='ocr_line' id='line_1_4' title="bbox 329 1853 1678 1944; baseline -0.004 -24"><span class='ocrx_word' id='word_1_13' title='bbox 329 1857 454 1920; x_wconf 82' lang='lat' dir='ltr'>Graeca</span> <span class='ocrx_word' id='word_1_14' title='bbox 479 1859 609 1920; x_wconf 87' lang='lat' dir='ltr'>nomina</span> <span class='ocrx_word' id='word_1_15' title='bbox 634 1858 777 1944; x_wconf 82' lang='lat' dir='ltr'>propria,</span> <span class='ocrx_word' id='word_1_16' title='bbox 800 1877 881 1944; x_wconf 88' lang='lat' dir='ltr'>quac</span> <span class='ocrx_word' id='word_1_17' title='bbox 906 1856 937 1917; x_wconf 92' lang='lat' dir='ltr'>in</span> <span class='ocrx_word' id='word_1_18' title='bbox 973 1853 1088 1918; x_wconf 85' lang='lat' dir='ltr'>Ovidii</span> <span class='ocrx_word' id='word_1_19' title='bbox 1124 1853 1277 1941; x_wconf 86' lang='lat' dir='ltr'>operibns</span> <span class='ocrx_word' id='word_1_20' title='bbox 1311 1855 1537 1941; x_wconf 79' lang='lat' dir='ltr'>1·epcriuntunr,&#39;</span> <span class='ocrx_word' id='word_1_21' title='bbox 1565 1862 1678 1915; x_wconf 74' lang='lat' dir='ltr'>terrac</span> 
     </span>
     <span class='ocr_line' id='line_1_5' title="bbox 223 1957 1678 2051; baseline 0 -29"><span class='ocrx_word' id='word_1_22' title='bbox 223 1961 370 2040; x_wconf 81' lang='lat' dir='ltr'>seminas,</span> <span class='ocrx_word' id='word_1_23' title='bbox 395 1961 482 2039; x_wconf 87' lang='lat' dir='ltr'>deas,</span> <span class='ocrx_word' id='word_1_24' title='bbox 506 1970 640 2040; x_wconf 84' lang='lat' dir='ltr'>montes,</span> <span class='ocrx_word' id='word_1_25' title='bbox 665 1961 899 2047; x_wconf 84' lang='lat' dir='ltr'>promunturia,</span> <span class='ocrx_word' id='word_1_26' title='bbox 923 1961 1028 2051; x_wconf 72' lang='lat' dir='ltr'>urben,</span> <span class='ocrx_word' id='word_1_27' title='bbox 1052 1961 1184 2038; x_wconf 90' lang='lat' dir='ltr'>insulas,</span> <span class='ocrx_word' id='word_1_28' title='bbox 1198 1959 1413 2046; x_wconf 88' lang='lat' dir='ltr'>pacnninsulas,</span> <span class='ocrx_word' id='word_1_29' title='bbox 1436 1961 1534 2038; x_wconf 88' lang='lat' dir='ltr'>viros,</span> <span class='ocrx_word' id='word_1_30' title='bbox 1547 1957 1678 2039; x_wconf 85' lang='lat' dir='ltr'>fluuios,</span> 
     </span>
     <span class='ocr_line' id='line_1_6' title="bbox 224 2065 1674 2151; baseline -0.001 -23"><span class='ocrx_word' id='word_1_31' title='bbox 224 2067 372 2151; x_wconf 82' lang='lat' dir='ltr'>populos,</span> <span class='ocrx_word' id='word_1_32' title='bbox 398 2067 486 2144; x_wconf 80' lang='lat' dir='ltr'>deca,</span> <span class='ocrx_word' id='word_1_33' title='bbox 511 2068 635 2146; x_wconf 82' lang='lat' dir='ltr'>heroes,</span> <span class='ocrx_word' id='word_1_34' title='bbox 659 2069 768 2145; x_wconf 85' lang='lat' dir='ltr'>maria,</span> <span class='ocrx_word' id='word_1_35' title='bbox 791 2067 883 2144; x_wconf 86' lang='lat' dir='ltr'>treta,</span> <span class='ocrx_word' id='word_1_36' title='bbox 908 2067 1008 2144; x_wconf 88' lang='lat' dir='ltr'>sinus,</span> <span class='ocrx_word' id='word_1_37' title='bbox 1033 2074 1156 2142; x_wconf 89' lang='lat' dir='ltr'>ventos,</span> <span class='ocrx_word' id='word_1_38' title='bbox 1190 2065 1270 2142; x_wconf 88' lang='lat' dir='ltr'>loca,</span> <span class='ocrx_word' id='word_1_39' title='bbox 1295 2087 1404 2144; x_wconf 78' lang='lat' dir='ltr'>nunnae,</span> <span class='ocrx_word' id='word_1_40' title='bbox 1427 2065 1674 2143; x_wconf 60' lang='lat' dir='ltr'>colluctantes,</span> 
     </span>
     <span class='ocr_line' id='line_1_7' title="bbox 223 2153 1674 2257; baseline -0.001 -25"><span class='ocrx_word' id='word_1_41' title='bbox 223 2169 285 2232; x_wconf 89' lang='lat' dir='ltr'>alin</span> <span class='ocrx_word' id='word_1_42' title='bbox 311 2169 494 2254; x_wconf 84' lang='lat' dir='ltr'>significant</span> <span class='ocrx_word' id='word_1_43' title='bbox 519 2173 659 2257; x_wconf 88' lang='lat' dir='ltr'>itemque</span> <span class='ocrx_word' id='word_1_44' title='bbox 683 2171 844 2234; x_wconf 87' lang='lat' dir='ltr'>adiectiva</span> <span class='ocrx_word' id='word_1_45' title='bbox 868 2193 885 2233; x_wconf 87' lang='lat' dir='ltr'>a</span> <span class='ocrx_word' id='word_1_46' title='bbox 910 2153 1094 2234; x_wconf 84' lang='lat' dir='ltr'>nominibus</span> <span class='ocrx_word' id='word_1_47' title='bbox 1119 2169 1260 2256; x_wconf 84' lang='lat' dir='ltr'>propriis</span> <span class='ocrx_word' id='word_1_48' title='bbox 1295 2170 1442 2234; x_wconf 86' lang='lat' dir='ltr'>derivata</span> <span class='ocrx_word' id='word_1_49' title='bbox 1476 2169 1586 2234; x_wconf 88' lang='lat' dir='ltr'>eadem</span> <span class='ocrx_word' id='word_1_50' title='bbox 1624 2167 1674 2231; x_wconf 80' lang='lat' dir='ltr'>vel</span> 
     </span>
     <span class='ocr_line' id='line_1_8' title="bbox 223 2273 1675 2361; baseline -0.001 -24"><span class='ocrx_word' id='word_1_51' title='bbox 223 2273 340 2338; x_wconf 78' lang='lat' dir='ltr'>similia</span> <span class='ocrx_word' id='word_1_52' title='bbox 364 2276 559 2360; x_wconf 78' lang='lat' dir='ltr'>exprimunt.</span> <span class='ocrx_word' id='word_1_53' title='bbox 605 2275 746 2339; x_wconf 82' lang='lat' dir='ltr'>Nomina</span> <span class='ocrx_word' id='word_1_54' title='bbox 769 2284 801 2339; x_wconf 89' lang='lat' dir='ltr'>et</span> <span class='ocrx_word' id='word_1_55' title='bbox 826 2273 989 2340; x_wconf 87' lang='lat' dir='ltr'>adiectiva</span> <span class='ocrx_word' id='word_1_56' title='bbox 1013 2275 1126 2361; x_wconf 89' lang='lat' dir='ltr'>primis</span> <span class='ocrx_word' id='word_1_57' title='bbox 1149 2275 1254 2339; x_wconf 87' lang='lat' dir='ltr'>tribus</span> <span class='ocrx_word' id='word_1_58' title='bbox 1288 2273 1675 2338; x_wconf 85' lang='lat' dir='ltr'>declinationibusattri-</span> 
     </span>
     <span class='ocr_line' id='line_1_9' title="bbox 223 2380 1492 2468; baseline -0.001 -23"><span class='ocrx_word' id='word_1_59' title='bbox 223 2381 367 2445; x_wconf 88' lang='lat' dir='ltr'>bnnntur</span> <span class='ocrx_word' id='word_1_60' title='bbox 390 2403 564 2468; x_wconf 88' lang='lat' dir='ltr'>eorumque</span> <span class='ocrx_word' id='word_1_61' title='bbox 588 2383 831 2446; x_wconf 81' lang='lat' dir='ltr'>terminationes</span> <span class='ocrx_word' id='word_1_62' title='bbox 856 2381 887 2444; x_wconf 92' lang='lat' dir='ltr'>in</span> <span class='ocrx_word' id='word_1_63' title='bbox 912 2381 1114 2446; x_wconf 88' lang='lat' dir='ltr'>nominativo</span> <span class='ocrx_word' id='word_1_64' title='bbox 1138 2380 1292 2466; x_wconf 80' lang='lat' dir='ltr'>singulari</span> <span class='ocrx_word' id='word_1_65' title='bbox 1318 2389 1394 2446; x_wconf 84' lang='lat' dir='ltr'>sunt</span> <span class='ocrx_word' id='word_1_66' title='bbox 1416 2381 1492 2466; x_wconf 84' lang='lat' dir='ltr'>luae:</span> 
     </span>
    </p>
   </div>
   <div class='ocr_carea' id='block_1_4' title="bbox 323 2525 1673 3033">
    <p class='ocr_par' dir='ltr' id='par_1_5' title="bbox 323 2525 1673 3033">
     <span class='ocr_line' id='line_1_10' title="bbox 866 2525 1023 2592; baseline 0.013 -2"><span class='ocrx_word' id='word_1_67' title='bbox 866 2525 1023 2592; x_wconf 78' lang='lat' dir='ltr'>Nomina.</span> 
     </span>
     <span class='ocr_line' id='line_1_11' title="bbox 368 2629 836 2709; baseline 0.002 -13"><span class='ocrx_word' id='word_1_68' title='bbox 368 2631 395 2696; x_wconf 92' lang='lat' dir='ltr'>I.</span> <span class='ocrx_word' id='word_1_69' title='bbox 419 2629 602 2696; x_wconf 80' lang='lat' dir='ltr'>declinatio.</span> <span class='ocrx_word' id='word_1_70' title='bbox 624 2653 653 2707; x_wconf 89' lang='lat' dir='ltr'>a,</span> <span class='ocrx_word' id='word_1_71' title='bbox 675 2653 701 2708; x_wconf 84' lang='lat' dir='ltr'>e,</span> <span class='ocrx_word' id='word_1_72' title='bbox 724 2652 769 2709; x_wconf 65' lang='grc' dir='ltr'>ηε,</span> <span class='ocrx_word' id='word_1_73' title='bbox 792 2652 836 2699; x_wconf 91' lang='lat' dir='ltr'>es.</span> 
     </span>
     <span class='ocr_line' id='line_1_12' title="bbox 345 2735 968 2816; baseline 0.002 -15"><span class='ocrx_word' id='word_1_74' title='bbox 345 2736 389 2801; x_wconf 89' lang='lat' dir='ltr'>Il.</span> <span class='ocrx_word' id='word_1_75' title='bbox 413 2735 598 2800; x_wconf 87' lang='lat' dir='ltr'>declinatio.</span> <span class='ocrx_word' id='word_1_76' title='bbox 618 2756 671 2816; x_wconf 71' lang='lat' dir='ltr'>uus,</span> <span class='ocrx_word' id='word_1_77' title='bbox 692 2758 737 2812; x_wconf 78' lang='lat' dir='ltr'>oa,</span> <span class='ocrx_word' id='word_1_78' title='bbox 762 2757 805 2813; x_wconf 88' lang='lat' dir='ltr'>en,</span> <span class='ocrx_word' id='word_1_79' title='bbox 831 2758 895 2816; x_wconf 86' lang='lat' dir='ltr'>nunu,</span> <span class='ocrx_word' id='word_1_80' title='bbox 917 2761 968 2802; x_wconf 89' lang='lat' dir='ltr'>on.</span> 
     </span>
     <span class='ocr_line' id='line_1_13' title="bbox 323 2841 1673 2930; baseline 0.003 -26"><span class='ocrx_word' id='word_1_81' title='bbox 323 2841 389 2906; x_wconf 86' lang='grc' dir='ltr'><strong>ΙΙΙ.</strong></span> <span class='ocrx_word' id='word_1_82' title='bbox 414 2841 596 2906; x_wconf 82' lang='lat' dir='ltr'>declinatio.</span> <span class='ocrx_word' id='word_1_83' title='bbox 621 2864 650 2918; x_wconf 87' lang='grc' dir='ltr'>ο,</span> <span class='ocrx_word' id='word_1_84' title='bbox 672 2864 724 2919; x_wconf 90' lang='lat' dir='ltr'>an,</span> <span class='ocrx_word' id='word_1_85' title='bbox 745 2863 814 2922; x_wconf 88' lang='lat' dir='ltr'>ans,</span> <span class='ocrx_word' id='word_1_86' title='bbox 837 2864 882 2921; x_wconf 88' lang='lat' dir='ltr'>ar,</span> <span class='ocrx_word' id='word_1_87' title='bbox 905 2866 956 2922; x_wconf 88' lang='lat' dir='ltr'>en,</span> <span class='ocrx_word' id='word_1_88' title='bbox 978 2844 1021 2924; x_wconf 90' lang='lat' dir='ltr'>in,</span> <span class='ocrx_word' id='word_1_89' title='bbox 1044 2865 1096 2924; x_wconf 86' lang='lat' dir='ltr'>on,</span> <span class='ocrx_word' id='word_1_90' title='bbox 1121 2867 1169 2922; x_wconf 91' lang='lat' dir='ltr'>or,</span> <span class='ocrx_word' id='word_1_91' title='bbox 1191 2867 1236 2922; x_wconf 80' lang='lat' dir='ltr'>ae,</span> <span class='ocrx_word' id='word_1_92' title='bbox 1259 2864 1303 2924; x_wconf 81' lang='lat' dir='ltr'>en,</span> <span class='ocrx_word' id='word_1_93' title='bbox 1338 2843 1374 2922; x_wconf 85' lang='lat' dir='ltr'>is,</span> <span class='ocrx_word' id='word_1_94' title='bbox 1408 2865 1454 2924; x_wconf 78' lang='lat' dir='ltr'>oe,</span> <span class='ocrx_word' id='word_1_95' title='bbox 1486 2865 1532 2922; x_wconf 91' lang='lat' dir='ltr'>us,</span> <span class='ocrx_word' id='word_1_96' title='bbox 1556 2867 1603 2930; x_wconf 86' lang='lat' dir='ltr'>ps,</span> <span class='ocrx_word' id='word_1_97' title='bbox 1625 2867 1673 2930; x_wconf 71' lang='grc' dir='ltr'>γε,</span> 
     </span>
     <span class='ocr_line' id='line_1_14' title="bbox 409 2947 825 3033; baseline 0 -23"><span class='ocrx_word' id='word_1_98' title='bbox 409 2969 459 3024; x_wconf 83' lang='lat' dir='ltr'>ax,</span> <span class='ocrx_word' id='word_1_99' title='bbox 483 2969 533 3024; x_wconf 83' lang='lat' dir='ltr'>ex,</span> <span class='ocrx_word' id='word_1_100' title='bbox 556 2947 597 3026; x_wconf 84' lang='lat' dir='ltr'>ix,</span> <span class='ocrx_word' id='word_1_101' title='bbox 621 2969 673 3023; x_wconf 87' lang='lat' dir='ltr'>nx,</span> <span class='ocrx_word' id='word_1_102' title='bbox 700 2969 751 3026; x_wconf 90' lang='lat' dir='ltr'>ux,</span> <span class='ocrx_word' id='word_1_103' title='bbox 772 2969 825 3033; x_wconf 85' lang='lat' dir='ltr'>yx.</span> 
     </span>
    </p>
   </div>
   <div class='ocr_carea' id='block_1_5' title="bbox 787 3088 1105 3379">
    <p class='ocr_par' dir='ltr' id='par_1_6' title="bbox 787 3088 1105 3379">
     <span class='ocr_line' id='line_1_15' title="bbox 865 3088 1043 3154; baseline 0.017 -3"><span class='ocrx_word' id='word_1_104' title='bbox 865 3088 1043 3154; x_wconf 75' lang='lat' dir='ltr'>Adicclina.</span> 
     </span>
     <span class='ocr_line' id='line_1_16' title="bbox 843 3215 1093 3283; baseline 0.008 -27"><span class='ocrx_word' id='word_1_105' title='bbox 843 3215 889 3272; x_wconf 77' lang='lat' dir='ltr'>ua,</span> <span class='ocrx_word' id='word_1_106' title='bbox 934 3217 962 3272; x_wconf 91' lang='lat' dir='ltr'>n,</span> <span class='ocrx_word' id='word_1_107' title='bbox 1007 3215 1060 3258; x_wconf 86' lang='lat' dir='ltr'>uun</span> <span class='ocrx_word' id='word_1_108' title='bbox 1091 3275 1093 3283; x_wconf 20' lang='grc' dir='ltr'><strong><em>Α</em></strong></span> 
     </span>
     <span class='ocr_line' id='line_1_17' title="bbox 787 3301 1105 3379; baseline 0.009 -17"><span class='ocrx_word' id='word_1_109' title='bbox 787 3301 824 3379; x_wconf 84' lang='lat' dir='ltr'>is,</span> <span class='ocrx_word' id='word_1_110' title='bbox 868 3321 885 3363; x_wconf 86' lang='lat' dir='ltr'>e</span> <span class='ocrx_word' id='word_1_111' title='bbox 930 3339 973 3350; x_wconf 89' lang='lat'><em>-</em></span> <span class='ocrx_word' id='word_1_112' title='bbox 1018 3322 1105 3365; x_wconf 80' lang='lat' dir='ltr'>cone.</span> 
     </span>
    </p>
   </div>
   <div class='ocr_carea' id='block_1_6' title="bbox 214 3421 1672 4561">
    <p class='ocr_par' dir='ltr' id='par_1_7' title="bbox 217 3421 1672 3924">
     <span class='ocr_line' id='line_1_18' title="bbox 321 3421 1672 3510; baseline -0.004 -22"><span class='ocrx_word' id='word_1_113' title='bbox 321 3423 463 3488; x_wconf 86' lang='lat' dir='ltr'>Nomina</span> <span class='ocrx_word' id='word_1_114' title='bbox 486 3447 525 3487; x_wconf 82' lang='lat' dir='ltr'>cx</span> <span class='ocrx_word' id='word_1_115' title='bbox 551 3423 687 3488; x_wconf 88' lang='lat' dir='ltr'>naturali</span> <span class='ocrx_word' id='word_1_116' title='bbox 711 3446 826 3508; x_wconf 85' lang='lat' dir='ltr'>genere</span> <span class='ocrx_word' id='word_1_117' title='bbox 850 3431 907 3487; x_wconf 88' lang='lat' dir='ltr'>aunt</span> <span class='ocrx_word' id='word_1_118' title='bbox 930 3425 1106 3494; x_wconf 83' lang='lat' dir='ltr'>masculina</span> <span class='ocrx_word' id='word_1_119' title='bbox 1130 3425 1299 3506; x_wconf 75' lang='lat' dir='ltr'>(Bacchus</span> <span class='ocrx_word' id='word_1_120' title='bbox 1327 3421 1488 3502; x_wconf 83' lang='lat' dir='ltr'>Phoebus,</span> <span class='ocrx_word' id='word_1_121' title='bbox 1511 3423 1672 3510; x_wconf 79' lang='lat' dir='ltr'>Achillas)</span> 
     </span>
     <span class='ocr_line' id='line_1_19' title="bbox 218 3511 1671 3616; baseline 0.001 -25"><span class='ocrx_word' id='word_1_122' title='bbox 218 3537 273 3594; x_wconf 92' lang='lat' dir='ltr'>aut</span> <span class='ocrx_word' id='word_1_123' title='bbox 297 3531 454 3594; x_wconf 83' lang='lat' dir='ltr'>feminina</span> <span class='ocrx_word' id='word_1_124' title='bbox 479 3541 554 3593; x_wconf 88' lang='lat' dir='ltr'>sunt</span> <span class='ocrx_word' id='word_1_125' title='bbox 580 3530 729 3612; x_wconf 87' lang='lat' dir='ltr'>(Baccha,</span> <span class='ocrx_word' id='word_1_126' title='bbox 765 3530 868 3606; x_wconf 85' lang='lat' dir='ltr'>Circe,</span> <span class='ocrx_word' id='word_1_127' title='bbox 903 3529 1085 3613; x_wconf 82' lang='lat' dir='ltr'>Tlnestins);</span> <span class='ocrx_word' id='word_1_128' title='bbox 1111 3531 1241 3594; x_wconf 82' lang='lat' dir='ltr'>nomina</span> <span class='ocrx_word' id='word_1_129' title='bbox 1275 3511 1671 3616; x_wconf 39' lang='lat' dir='ltr'>virorumspopulorum,</span> 
     </span>
     <span class='ocr_line' id='line_1_20' title="bbox 218 3635 1667 3715; baseline 0.001 -17"><span class='ocrx_word' id='word_1_130' title='bbox 218 3635 399 3712; x_wconf 83' lang='lat' dir='ltr'>fluviorum,</span> <span class='ocrx_word' id='word_1_131' title='bbox 424 3644 592 3700; x_wconf 88' lang='lat' dir='ltr'>ventorum</span> <span class='ocrx_word' id='word_1_132' title='bbox 618 3637 768 3715; x_wconf 87' lang='lat' dir='ltr'>mascula,</span> <span class='ocrx_word' id='word_1_133' title='bbox 793 3635 921 3700; x_wconf 89' lang='lat' dir='ltr'>nomina</span> <span class='ocrx_word' id='word_1_134' title='bbox 945 3635 1147 3715; x_wconf 74' lang='lat' dir='ltr'>learninarum,</span> <span class='ocrx_word' id='word_1_135' title='bbox 1183 3637 1323 3714; x_wconf 78' lang='lat' dir='ltr'>nutrium,</span> <span class='ocrx_word' id='word_1_136' title='bbox 1359 3645 1524 3715; x_wconf 83' lang='lat' dir='ltr'>terrarum,</span> <span class='ocrx_word' id='word_1_137' title='bbox 1547 3635 1667 3700; x_wconf 88' lang='lat' dir='ltr'>insula·</span> 
     </span>
     <span class='ocr_line' id='line_1_21' title="bbox 217 3740 1670 3830; baseline 0.001 -27"><span class='ocrx_word' id='word_1_138' title='bbox 217 3763 286 3804; x_wconf 91' lang='lat' dir='ltr'>rum</span> <span class='ocrx_word' id='word_1_139' title='bbox 310 3741 465 3808; x_wconf 88' lang='lat' dir='ltr'>feminina</span> <span class='ocrx_word' id='word_1_140' title='bbox 490 3740 656 3805; x_wconf 84' lang='lat' dir='ltr'>habentur.</span> <span class='ocrx_word' id='word_1_141' title='bbox 701 3742 944 3807; x_wconf 84' lang='lat' dir='ltr'>Terminatione</span> <span class='ocrx_word' id='word_1_142' title='bbox 970 3765 1096 3830; x_wconf 87' lang='lat' dir='ltr'>quoque</span> <span class='ocrx_word' id='word_1_143' title='bbox 1130 3763 1231 3828; x_wconf 86' lang='lat' dir='ltr'>genus</span> <span class='ocrx_word' id='word_1_144' title='bbox 1267 3741 1489 3808; x_wconf 75' lang='lat' dir='ltr'>discerniturt</span> <span class='ocrx_word' id='word_1_145' title='bbox 1525 3741 1670 3806; x_wconf 86' lang='lat' dir='ltr'>Haemus</span> 
     </span>
     <span class='ocr_line' id='line_1_22' title="bbox 217 3846 636 3924; baseline 0.007 -18"><span class='ocrx_word' id='word_1_146' title='bbox 217 3867 264 3921; x_wconf 81' lang='lat' dir='ltr'>m,</span> <span class='ocrx_word' id='word_1_147' title='bbox 288 3850 393 3909; x_wconf 86' lang='lat' dir='ltr'>Aetna</span> <span class='ocrx_word' id='word_1_148' title='bbox 416 3846 447 3924; x_wconf 89' lang='lat' dir='ltr'>t&#39;.,</span> <span class='ocrx_word' id='word_1_149' title='bbox 470 3846 582 3909; x_wconf 85' lang='lat' dir='ltr'>Pelion</span> <span class='ocrx_word' id='word_1_150' title='bbox 608 3869 636 3909; x_wconf 91' lang='lat' dir='ltr'>n.</span> 
     </span>
    </p>

    <p class='ocr_par' dir='ltr' id='par_1_8' title="bbox 214 3951 1669 4561">
     <span class='ocr_line' id='line_1_23' title="bbox 320 3951 1669 4036; baseline 0.005 -24"><span class='ocrx_word' id='word_1_151' title='bbox 320 3951 460 4036; x_wconf 89' lang='lat' dir='ltr'>Propter</span> <span class='ocrx_word' id='word_1_152' title='bbox 485 3951 680 4015; x_wconf 87' lang='lat' dir='ltr'>uberrimum</span> <span class='ocrx_word' id='word_1_153' title='bbox 706 3953 870 4016; x_wconf 85' lang='lat' dir='ltr'>nominum</span> <span class='ocrx_word' id='word_1_154' title='bbox 896 3963 927 4017; x_wconf 88' lang='lat' dir='ltr'>et</span> <span class='ocrx_word' id='word_1_155' title='bbox 950 3952 1185 4018; x_wconf 88' lang='lat' dir='ltr'>adiectiuonum</span> <span class='ocrx_word' id='word_1_156' title='bbox 1200 3955 1488 4019; x_wconf 87' lang='lat' dir='ltr'>numerunnomnia</span> <span class='ocrx_word' id='word_1_157' title='bbox 1510 3953 1669 4020; x_wconf 79' lang='lat' dir='ltr'>trifariam</span> 
     </span>
     <span class='ocr_line' id='line_1_24' title="bbox 218 4052 1669 4142; baseline 0.008 -29"><span class='ocrx_word' id='word_1_158' title='bbox 218 4052 413 4121; x_wconf 85' lang='lat' dir='ltr'>dividimus:</span> <span class='ocrx_word' id='word_1_159' title='bbox 437 4060 470 4142; x_wconf 87' lang='lat' dir='ltr'>n)</span> <span class='ocrx_word' id='word_1_160' title='bbox 494 4057 666 4136; x_wconf 85' lang='lat' dir='ltr'>Heroides,</span> <span class='ocrx_word' id='word_1_161' title='bbox 691 4061 836 4135; x_wconf 74' lang='lat' dir='ltr'>Amores</span> <span class='ocrx_word' id='word_1_162' title='bbox 860 4057 1077 4124; x_wconf 85' lang='lat' dir='ltr'>Medicamina</span> <span class='ocrx_word' id='word_1_163' title='bbox 1100 4061 1232 4140; x_wconf 83' lang='lat' dir='ltr'>formae,</span> <span class='ocrx_word' id='word_1_164' title='bbox 1256 4061 1487 4136; x_wconf 82' lang='lat' dir='ltr'>Ansamatoria,</span> <span class='ocrx_word' id='word_1_165' title='bbox 1515 4059 1669 4124; x_wconf 87' lang='lat' dir='ltr'>Remedia</span> 
     </span>
     <span class='ocr_line' id='line_1_25' title="bbox 216 4153 1658 4249; baseline 0.007 -28"><span class='ocrx_word' id='word_1_166' title='bbox 216 4159 362 4244; x_wconf 81' lang='lat' dir='ltr'>amoris²)</span> <span class='ocrx_word' id='word_1_167' title='bbox 373 4185 381 4238; x_wconf 81' lang='lat'><em>3</em></span> <span class='ocrx_word' id='word_1_168' title='bbox 405 4163 433 4245; x_wconf 79' lang='lat' dir='ltr'>b)</span> <span class='ocrx_word' id='word_1_169' title='bbox 457 4163 738 4249; x_wconf 83' lang='lat' dir='ltr'>Metamorphoses</span> <span class='ocrx_word' id='word_1_170' title='bbox 748 4187 757 4243; x_wconf 89' lang='lat'>;</span> <span class='ocrx_word' id='word_1_171' title='bbox 791 4171 817 4245; x_wconf 84' lang='lat' dir='ltr'>c)</span> <span class='ocrx_word' id='word_1_172' title='bbox 844 4163 944 4242; x_wconf 84' lang='lat' dir='ltr'>Fasti,</span> <span class='ocrx_word' id='word_1_173' title='bbox 967 4165 1097 4246; x_wconf 77' lang='lat' dir='ltr'>Tristia,</span> <span class='ocrx_word' id='word_1_174' title='bbox 1122 4163 1203 4246; x_wconf 87' lang='lat' dir='ltr'>Ibis,</span> <span class='ocrx_word' id='word_1_175' title='bbox 1237 4166 1288 4230; x_wconf 79' lang='lat' dir='ltr'>Ex</span> <span class='ocrx_word' id='word_1_176' title='bbox 1322 4153 1439 4244; x_wconf 80' lang='lat' dir='ltr'>Ponto,</span> <span class='ocrx_word' id='word_1_177' title='bbox 1472 4163 1658 4231; x_wconf 86' lang='lat' dir='ltr'>Halicutica</span> 
     </span>
     <span class='ocr_line' id='line_1_26' title="bbox 222 4265 1669 4356; baseline 0.006 -29"><span class='ocrx_word' id='word_1_178' title='bbox 222 4265 425 4350; x_wconf 77' lang='lat' dir='ltr'>Fragmenta.</span> <span class='ocrx_word' id='word_1_179' title='bbox 467 4267 548 4331; x_wconf 86' lang='lat' dir='ltr'>Tres</span> <span class='ocrx_word' id='word_1_180' title='bbox 578 4269 677 4354; x_wconf 86' lang='lat' dir='ltr'>igitur</span> <span class='ocrx_word' id='word_1_181' title='bbox 712 4279 820 4356; x_wconf 86' lang='lat' dir='ltr'>pantes</span> <span class='ocrx_word' id='word_1_182' title='bbox 856 4273 1037 4356; x_wconf 73' lang='lat' dir='ltr'>pdematnnm</span> <span class='ocrx_word' id='word_1_183' title='bbox 1076 4271 1313 4338; x_wconf 86' lang='lat' dir='ltr'>Ovidianorum</span> <span class='ocrx_word' id='word_1_184' title='bbox 1354 4272 1448 4336; x_wconf 91' lang='lat' dir='ltr'>nobis</span> <span class='ocrx_word' id='word_1_185' title='bbox 1483 4272 1669 4337; x_wconf 82' lang='lat' dir='ltr'>tractandae</span> 
     </span>
     <span class='ocr_line' id='line_1_27' title="bbox 214 4373 1667 4461; baseline 0.005 -25"><span class='ocrx_word' id='word_1_186' title='bbox 214 4382 300 4452; x_wconf 86' lang='lat' dir='ltr'>sunt,</span> <span class='ocrx_word' id='word_1_187' title='bbox 328 4393 408 4458; x_wconf 87' lang='lat' dir='ltr'>quas</span> <span class='ocrx_word' id='word_1_188' title='bbox 433 4373 466 4435; x_wconf 94' lang='lat' dir='ltr'>in</span> <span class='ocrx_word' id='word_1_189' title='bbox 491 4373 595 4438; x_wconf 89' lang='lat' dir='ltr'>tribus</span> <span class='ocrx_word' id='word_1_190' title='bbox 632 4378 673 4458; x_wconf 61' lang='grc' dir='ltr'>ἕξ</span> <span class='ocrx_word' id='word_1_191' title='bbox 711 4376 956 4461; x_wconf 84' lang='lat' dir='ltr'>insequentibus</span> <span class='ocrx_word' id='word_1_192' title='bbox 991 4378 1087 4441; x_wconf 90' lang='lat' dir='ltr'>simul</span> <span class='ocrx_word' id='word_1_193' title='bbox 1123 4399 1194 4441; x_wconf 88' lang='lat' dir='ltr'>cum</span> <span class='ocrx_word' id='word_1_194' title='bbox 1230 4377 1514 4444; x_wconf 86' lang='lat' dir='ltr'>observationibus</span> <span class='ocrx_word' id='word_1_195' title='bbox 1549 4379 1667 4443; x_wconf 89' lang='lat' dir='ltr'>nostris</span> 
     </span>
     <span class='ocr_line' id='line_1_28' title="bbox 216 4497 437 4561; baseline 0.009 -22"><span class='ocrx_word' id='word_1_196' title='bbox 216 4497 437 4561; x_wconf 82' lang='lat' dir='ltr'>proponnmus.</span> 
     </span>
    </p>
   </div>
   <div class='ocr_carea' id='block_1_7' title="bbox 213 4589 1665 4838">
    <p class='ocr_par' dir='ltr' id='par_1_9' title="bbox 213 4589 1665 4838">
     <span class='ocr_line' id='line_1_29' title="bbox 215 4589 1069 4704; baseline 0.006 -30"><span class='ocrx_word' id='word_1_197' title='bbox 215 4589 421 4688; x_wconf 55' lang='lat' dir='ltr'>-ffi</span> <span class='ocrx_word' id='word_1_198' title='bbox 441 4635 537 4691; x_wconf 84' lang='lat' dir='ltr'>progr.</span> <span class='ocrx_word' id='word_1_199' title='bbox 556 4620 672 4676; x_wconf 82' lang='lat' dir='ltr'>huiusce</span> <span class='ocrx_word' id='word_1_200' title='bbox 691 4639 787 4704; x_wconf 73' lang='lat' dir='ltr'>gyran.</span> <span class='ocrx_word' id='word_1_201' title='bbox 808 4640 831 4676; x_wconf 89' lang='lat' dir='ltr'>a.</span> <span class='ocrx_word' id='word_1_202' title='bbox 853 4621 921 4675; x_wconf 88' lang='grc'><strong>1891</strong></span> <span class='ocrx_word' id='word_1_203' title='bbox 943 4626 972 4678; x_wconf 86' lang='lat' dir='ltr'>et</span> <span class='ocrx_word' id='word_1_204' title='bbox 992 4623 1069 4679; x_wconf 79' lang='lat'>1892.</span> 
     </span>
     <span class='ocr_line' id='line_1_30' title="bbox 272 4691 1665 4777; baseline 0.006 -36"><span class='ocrx_word' id='word_1_205' title='bbox 272 4759 277 4771; x_wconf 44' lang='grc' dir='ltr'>Ι</span> <span class='ocrx_word' id='word_1_206' title='bbox 318 4694 339 4758; x_wconf 83' lang='lat'>¹)</span> <span class='ocrx_word' id='word_1_207' title='bbox 357 4691 489 4772; x_wconf 74' lang='lat' dir='ltr'>noemam</span> <span class='ocrx_word' id='word_1_208' title='bbox 510 4691 636 4773; x_wconf 71' lang='lat' dir='ltr'>„Sappho</span> <span class='ocrx_word' id='word_1_209' title='bbox 655 4693 769 4773; x_wconf 63' lang='lat' dir='ltr'>i’haom,</span> <span class='ocrx_word' id='word_1_210' title='bbox 790 4691 863 4774; x_wconf 70' lang='lat' dir='ltr'>Nun,</span> <span class='ocrx_word' id='word_1_211' title='bbox 883 4693 1045 4776; x_wconf 80' lang='lat' dir='ltr'>Consolatio</span> <span class='ocrx_word' id='word_1_212' title='bbox 1064 4693 1099 4748; x_wconf 88' lang='lat' dir='ltr'>ad</span> <span class='ocrx_word' id='word_1_213' title='bbox 1118 4693 1245 4776; x_wconf 63' lang='grc' dir='ltr'>Ιᾴνίαω*ι</span> <span class='ocrx_word' id='word_1_214' title='bbox 1266 4694 1373 4777; x_wconf 78' lang='lat' dir='ltr'>iniuria</span> <span class='ocrx_word' id='word_1_215' title='bbox 1401 4693 1504 4751; x_wconf 75' lang='lat' dir='ltr'>Ouidio</span> <span class='ocrx_word' id='word_1_216' title='bbox 1526 4694 1665 4750; x_wconf 73' lang='lat' dir='ltr'>interdura</span> 
     </span>
     <span class='ocr_line' id='line_1_31' title="bbox 213 4759 1530 4838; baseline 0.006 -24"><span class='ocrx_word' id='word_1_217' title='bbox 213 4759 388 4829; x_wconf 83' lang='lat' dir='ltr'>adducuntur,</span> <span class='ocrx_word' id='word_1_218' title='bbox 409 4764 507 4834; x_wconf 83' lang='lat' dir='ltr'>utaque</span> <span class='ocrx_word' id='word_1_219' title='bbox 527 4765 695 4819; x_wconf 85' lang='lat' dir='ltr'>connunctrm</span> <span class='ocrx_word' id='word_1_220' title='bbox 714 4779 775 4817; x_wconf 88' lang='lat' dir='ltr'>cum</span> <span class='ocrx_word' id='word_1_221' title='bbox 794 4762 859 4817; x_wconf 83' lang='lat' dir='ltr'>alnus</span> <span class='ocrx_word' id='word_1_222' title='bbox 878 4780 994 4820; x_wconf 84' lang='lat' dir='ltr'>mnncrns</span> <span class='ocrx_word' id='word_1_223' title='bbox 1014 4767 1145 4822; x_wconf 81' lang='lat' dir='ltr'>momentu</span> <span class='ocrx_word' id='word_1_224' title='bbox 1164 4769 1301 4838; x_wconf 80' lang='lat' dir='ltr'>poematos</span> <span class='ocrx_word' id='word_1_225' title='bbox 1321 4766 1530 4822; x_wconf 82' lang='lat' dir='ltr'>tractabuntur.</span> 
     </span>
    </p>
   </div>
   <div class='ocr_carea' id='block_1_8' title="bbox 0 0 1878 5430">
    <p class='ocr_par' dir='ltr' id='par_1_10' title="bbox 0 0 1878 5430">
     <span class='ocr_line' id='line_1_32' title="bbox 0 0 1878 5430; baseline 0 5"><span class='ocrx_word' id='word_1_226' title='bbox 0 0 1878 5430; x_wconf 95' lang='lat' dir='ltr'> </span> 
     </span>
    </p>
   </div>
  </div>
 </body>
</html>
